@InProceedings{Malik2008,
  author    = {A. Malik and Z. Salcic and P. S. Roop},
  title     = {Tandem virtual machine #x2014; An efficient execution platform for GALS language SystemJ},
  booktitle = {2008 13th Asia-Pacific Computer Systems Architecture Conference},
  year      = {2008},
  pages     = {1-8},
  month     = {Aug},
  doi       = {10.1109/APCSAC.2008.4625451},
  keywords  = {Java;program compilers;virtual machines;GALS language SystemJ;JVM;Java code;SystemJ compiler;SystemJ program;control virtual machine;globally asynchronous locally synchronous language;tandem virtual machine;Code standards;Concurrent computing;Control systems;Embedded system;Hardware;Java;Programming profession;Signal processing;System-level design;Virtual machining},
}